<?xml version="1.0" encoding="UTF-8"?><record xmlns="http://www.loc.gov/MARC21/slim" xmlns:cinclude="http://apache.org/cocoon/include/1.0" xmlns:zs="http://www.loc.gov/zing/srw/">
  <leader>01763cz  a2200265n  4500</leader>
  <controlfield tag="001">n  84050078 </controlfield>
  <controlfield tag="003">DLC</controlfield>
  <controlfield tag="005">20070303074820.0</controlfield>
  <controlfield tag="008">840815n| acannaabn          |a aaa      </controlfield>
  <datafield tag="010" ind1=" " ind2=" ">
    <subfield code="a">n  84050078 </subfield>
    <subfield code="z">n  97042442 </subfield>
    <subfield code="z">nr2003041502</subfield>
    <subfield code="z">n 2005042328</subfield>
  </datafield>
  <datafield tag="035" ind1=" " ind2=" ">
    <subfield code="a">(OCoLC)oca01170130</subfield>
  </datafield>
  <datafield tag="035" ind1=" " ind2=" ">
    <subfield code="a">(Uk)001200713</subfield>
  </datafield>
  <datafield tag="040" ind1=" " ind2=" ">
    <subfield code="a">DLC</subfield>
    <subfield code="c">DLC</subfield>
    <subfield code="d">DLC</subfield>
    <subfield code="d">UPB</subfield>
    <subfield code="d">MoSU</subfield>
    <subfield code="d">DLC</subfield>
    <subfield code="d">Uk</subfield>
  </datafield>
  <datafield tag="100" ind1="1" ind2=" ">
    <subfield code="a">Burnett, Charles</subfield>
    <subfield code="q">(Charles S. F.)</subfield>
  </datafield>
  <datafield tag="400" ind1="1" ind2=" ">
    <subfield code="a">Burnett, C. S. F.</subfield>
    <subfield code="q">(Charles S. F.)</subfield>
  </datafield>
  <datafield tag="400" ind1="0" ind2=" ">
    <subfield code="a">Burnett, Ch.</subfield>
    <subfield code="q">(Charles)</subfield>
  </datafield>
  <datafield tag="400" ind1="1" ind2=" ">
    <subfield code="a">Burnell, Charles,</subfield>
    <subfield code="d">1951-</subfield>
  </datafield>
  <datafield tag="670" ind1=" " ind2=" ">
    <subfield code="a">Hermann, of Carinthia. De essentiis, 1982:</subfield>
    <subfield code="b">t.p. (Charles Burnett)</subfield>
  </datafield>
  <datafield tag="670" ind1=" " ind2=" ">
    <subfield code="a">Etudes sur le symbolisme de la sagesse et sur l'iconographie, c1993:</subfield>
    <subfield code="b">CIP t.p. (Charles Burnett) data sheet (C.S.F. Burnett)</subfield>
  </datafield>
  <datafield tag="670" ind1=" " ind2=" ">
    <subfield code="a">Occident et Proche-Orient, c2000:</subfield>
    <subfield code="b">p. 4 of cover (Ch. Burnett) p. 1 (Charles Burnett; Warburg Institute, London)</subfield>
  </datafield>
  <datafield tag="670" ind1=" " ind2=" ">
    <subfield code="a">Jesuit plays on Japan and English recusancy, c1995:</subfield>
    <subfield code="b">t.p. (Charles Burnett) p. 3 of cover (b. 1951)</subfield>
  </datafield>
  <datafield tag="670" ind1=" " ind2=" ">
    <subfield code="a">Kelal qatĚŁan, 2005:</subfield>
    <subfield code="b">CIP t.p. (Charles Burnell) published t.p. (Charles Burnett [sic]) BL e-mail sent 23 Feb. 2007</subfield>
  </datafield>
  <datafield tag="670" ind1=" " ind2=" ">
    <subfield code="a">Warburg Institute WWW website, viewed Jan. 21, 2005:</subfield>
    <subfield code="b">link to Staff directory (under Professor Charles Burnett: Charles Burnett; author of Jesuit plays on Japan and English recusancy; editor of Etudes sur le symbolisme de la sagesse et sur l'iconographie)</subfield>
  </datafield>
  <datafield tag="670" ind1=" " ind2=" ">
    <subfield code="a">E-mail from author, 23 Feb. 2007</subfield>
    <subfield code="b">(Charles (+ Stuart Freeman in earliest publications) Burnett, born 26 Sept. 1951, Dr, Professor)</subfield>
  </datafield>
  <datafield tag="670" ind1=" " ind2=" ">
    <subfield code="a">University of Vermont online catalog, viewed Dec. 8, 2006:</subfield>
    <subfield code="b">(hdg.: Burnell, Charles; usage: Charles Burnell; title: Kelal qatĚŁan : original Hebrew text, medieval Latin translation, modern English translation)</subfield>
  </datafield>
</record>